@article{mohazzabi1999,
author = {P. Mohazzabi and J. R. Schmidt},
year = {1999},
title = {Profile of a rotating string},
journal = {Canadian Journal of Physics},
volume = {77},
pages = {505--513}
}


@Article{wilson1908,
  author = 	 {E. B. Wilson},
  title = 	 {The equilibrium of a heavy homogeneous chain in a uniformly rotating plane},
  journal = 	 {Annals of Mathematics},
  year = 	 {1908},
  volume =	 {9},
  number =	 {3},
  pages =	 {99--115},
  month =	 {April}
  }

@Article{nordmark2007,
  author = 	 {A. Nordmark and H. Ess\'{e}n},
  title = 	 {The skipping rope curve},
  journal = 	 {European Journal of Physics},
  year = 	 {2007},
  volume =	 {28},
  pages =	 {241}
  }

